@article{ejemplo,
  author = {Autor},
  title = {T\'{i}tulo},
  journal = {Nombre de la revista},
  year = 2020,
  volume = 15,
  number = 10,
  pages = {562--597},
  doi = {10.123/lolno}
}
@article{otroejemplo,
  author = {Autor2},
  title = {T\'{i}tulo2},
  journal = {Nombre de la revista2},
  year = 2021,
  volume = 20,
  number = 15,
  pages = {562--597},
  doi = {10.123/lolno}
}