@article{1,
author = {Doroteo Mendoza},
title = {Nanomateriales: nuevas propiedades a menores dimensiones},
journal = {Ciencia},
year = {2003}
}

@book{2,
author = {Amador Menéndez},
title = {Una revolución en miniatura: Nanotecnolgía al servicio de la humanidad},
publisher = {Servicio de Publicaciones de la Universidad de Valencia},
year = {2010},
isbn = {978-84-370-7840-3},
}

@article{3,
author = {Diego Tirado and Diofanor Acevedo and Adriana Herrera},
title = {Modelado de la energía de interacción de nanopartículas de sílice preparadas en microemulsiones},
journal = {Entre Ciencia e Ingeniería},
year = {2019},
volume = {9},
number={18},
url={https://revistas.ucp.edu.co/index.php/entrecienciaeingenieria/article/view/566}
}

@article{4,
author = {Estefanía Mosquera and Nelly Rosas and Alexis Debut and Víctor Hugo Guerrero},
title = {Síntesis y caracterización de nanopartículas de dióxido de titanio obtenidas por el método de sol-gel},
journal = {Revista Politécnica},
year = {2015},
volume = {36},
number={3},
url={https://revistapolitecnica.epn.edu.ec/ojs2/index.php/revista_politecnica2/article/view/525}
}

@article{5,
author = {Stefan Endres and Lucio Ciacchi and Lutz Mädler},
title = {A review of contact force models between nanoparticles in agglomerates, aggregates, and films},
journal = {Aerosol Science},
year = {2021},
volume = {153},
doi = {https://doi.org/10.1016/j.jaerosci.2020.105719}
}

@misc{6,
  author = {Elisa Schaeffer},
  title = {MultiAgent},
  journal = {Repositorio, GitHub},
  year = 2021,
  url = {https://github.com/satuelisa/Simulation/blob/master/MultiAgent/movement.R}
}