@article{1,
  author = {Dra. Elisa Schaeffer},
  title = {BrownianMotion},
  journal = {Repositorio, GitHub},
  year = 2019,
  volume = -,
  number = -,
  pages = -,
  doi = -,
  url = {https://github.com/satuelisa/Simulation/tree/master/BrownianMotion}
}

@article{2,
  author = {Hadley Wickham},
  title = {ggplot2: Elegant Graphics for Data Analysis},
  publisher = {Springer-Verlag New York},
  year = {2016},
  isbn = {978-3-319-24277-4},
  url = {https://ggplot2.tidyverse.org},
}

@article{3,
  author = {Yan Holtz},
  title = {Grouped boxplot with ggplot2},
  journal = {The R Graph Gallery},
  year = 2018,
  volume = -,
  number = -,
  pages = -,
  doi = -,
  url = {https://www.r-graph-gallery.com/265-grouped-boxplot-with-ggplot2.html}
}

@article{4,
  author = {Carlos J. Gil Bellosta},
  title = {Selección de filas y columnas},
  journal = {R para profesionales de los datos: una introducción},
  year = 2018,
  volume = -,
  number = -,
  pages = -,
  doi = -,
  url = {https://www.datanalytics.com/libro_r/seleccion-de-filas-y-columnas.html}
}

@article{5,
  author = {R CODER},
  title = {Función merge en R},
  journal = -,
  year = 2020,
  volume = -,
  number = -,
  pages = -,
  doi = -,
  url = {https://r-coder.com/funcion-merge-r/}
}

@article{6,
  author = {Raúl Ortiz},
  title = {Unir DataFrames. rbind() y cbind()},
  journal = {RPubs by RStudio},
  year = 2015,
  volume = -,
  number = -,
  pages = -,
  doi = -,
  url = {https://rpubs.com/Rortizdu/140154}
}

@article{7,
  author = {Juan Bosco Mendoza Vega},
  title = {Data frames},
  journal = {R para principiantes},
  year = -,
  volume = -,
  number = -,
  pages = -,
  doi = -,
  url = {https://bookdown.org/jboscomendoza/r-principiantes4/}
}

@article{8,
  author = {David Nelson},
  title = {RStudio Scripts for Side By Side Boxplots and Clustered Bar Charts},
  journal = -,
  year = 2020,
  volume = -,
  number = -,
  pages = -,
  doi = -,
  url = {https://www.youtube.com/watch?v=NmbK4lZVGqw&ab_channel=DavidNelson}
}

@article{9,
  author = {Codynamico},
  title = {Crear y Manipular DataFrames en R-Rstudio - Using the Data Frame in R},
  journal = -,
  year = 2018,
  volume = -,
  number = -,
  pages = -,
  doi = -,
  url = {https://www.youtube.com/watch?v=8G1G_boTT8k&ab_channel=Codynamico}
}

@article{10,
  author = {Rafa Gonzalez Gouveia},
  title = {Cómo SUPERPONER varías GRÁFICAS [ ggplot + R y RStudio ]},
  journal = -,
  year = 2019,
  volume = -,
  number = -,
  pages = -,
  doi = -,
  url = {https://www.youtube.com/watch?v=259PhB2pnzo&ab_channel=RafaGonzalezGouveia}
}

@article{11,
  author = {Statistical tools for high-throughput data analysis},
  title = {Ggplot2 box plot Quick start guide R software and data visualization},
  journal = -,
  year = -,
  volume = -,
  number = -,
  pages = -,
  doi = -,
  url = {http://www.sthda.com/english/wiki/ggplot2-box-plot-quick-start-guide-r-software-and-data-visualization}
}

@article{12,
  author = {Dra. Elisa Schaeffer},
  title = {dataframe.R},
  journal = -,
  year = 2021,
  volume = -,
  number = -,
  pages = -,
  doi = -,
  url = {https://github.com/satuelisa/Simulation/blob/master/BrownianMotion/dataframe.R}
}