@misc{1,
  author = {Elisa Schaeffer},
  title = {LocalSearch},
  journal = {Repositorio, GitHub},
  year = 2021,
  volume = -,
  number = -,
  pages = -,
  doi = -,
  url = {https://github.com/satuelisa/Simulation/blob/master/LocalSearch/replicas.R}
}

@misc{2,
  author = {María Montemayor},
  title = {Búsqueda local},
  journal = {-},
  year = 2021,
  volume = -,
  number = -,
  pages = -,
  doi = -,
  url = {https://github.com/MariaMontemayor/Simul/tree/main/tarea7}
}

@misc{3,
  author = {RDocumentation},
  title = {Wilcox.test: Wilcoxon Rank Sum and Signed Rank Tests},
  journal = {-},
  year = -,
  volume = -,
  number = -,
  pages = -,
  doi = -,
  url = {https://www.rdocumentation.org/packages/stats/versions/3.6.2/topics/wilcox.test}
}

@misc{4,
  author = {PHOTOGRAMIO},
  title = {Crear GIF Animados},
  journal = {-},
  year = -,
  volume = -,
  number = -,
  pages = -,
  doi = -,
  url = {https://photogramio.com/es/gif-maker#ezgif}
}