@misc{1,
  author = {Elisa Schaeffer},
  title = {Simulación: hilos y primos (P3 AD21)},
  journal = {-},
  year = 2021,
  volume = -,
  number = -,
  pages = -,
  doi = -,
  url = {https://www.youtube.com/watch?v=IJpQheI6jSM&list=LL&index=8&t=209s&ab_channel=ElisaSchaeffer}
}

@misc{2,
  author = {Elisa Schaeffer},
  title = {Probabilidad y estadística},
  journal = {-},
  year = 2021,
  volume = -,
  number = -,
  pages = -,
  doi = -,
  url = {https://elisa.dyndns-web.com/teaching/prob/prob.html}
}

@misc{3,
  author = {Epidemiología e Investigación en Salud},
  title = {Pruebas estadísticas},
  journal = {-},
  year = 2020,
  volume = -,
  number = -,
  pages = -,
  doi = -,
  url = {https://youtu.be/M1MQ9yD9rAg}
}

@misc{4,
  author = {Lourdes Cuellar},
  title = {Cómo hacer un ANOVA en Rstudio.},
  journal = -,
  year = 2019,
  volume = -,
  number = -,
  pages = -,
  doi = -,
  url = {https://youtu.be/3wbuVNKGkxg}
}

@misc{5,
  author = {José Antonio: Estadística Aplicada},
  title = {ANOVA de Welch en RStudio},
  journal = {-},
  year = 2020,
  volume = -,
  number = -,
  pages = -,
  doi = -,
  url = {https://youtu.be/2pfOkUbigr0}
}

@misc{6,
  author = {Overleaf},
  title = {Code listing},
  journal = {-},
  year = 2021,
  volume = -,
  number = -,
  pages = -,
  doi = -,
  url = {https://es.overleaf.com/learn/latex/Code_listing}
}

@misc{7,
  author = {Lourdes Cuellar},
  title = {ANOVA de dos Factores en Rstudio Two way ANOVA},
  journal = -,
  year = 2019,
  volume = -,
  number = -,
  pages = -,
  doi = -,
  url = {https://youtu.be/4q_mfYZV7-8}
}