@misc{1,
  author = {Elisa Schaeffer},
  title = {Genetic Algorithm},
  journal = {Repositorio, GitHub},
  year = 2021,
  volume = -,
  number = -,
  pages = -,
  doi = -,
  url = {https://github.com/satuelisa/Simulation/blob/master/GeneticAlgorithm/perfGA.R}
}

@misc{2,
  author = {Eduardo Navarro},
  title = {tarea10pruebas},
  journal = {Repositorio, GitHub},
  year = 2021,
  volume = -,
  number = -,
  pages = -,
  doi = -,
  url = {https://github.com/eduartilon/Simulacion/blob/main/tarea10/tarea10pruebas/Contadorsegundos.R}
}
