@misc{1,
  author = {Elisa Schaeffer},
  title = {Neural Network},
  journal = {Repositorio, GitHub},
  year = 2019,
  volume = -,
  number = -,
  pages = -,
  doi = -,
  url = {https://github.com/satuelisa/Simulation/blob/master/NeuralNetwork/ann.R}
}

@misc{2,
  author = {Boaz Shmueli},
  title = {Multi-Class Metrics Made Simple, Part II: the F1-score},
  journal = {Towards data science},
  year = 2019,
  volume = -,
  number = -,
  pages = -,
  doi = -,
  url = {https://towardsdatascience.com/multi-class-metrics-made-simple-part-ii-the-f1-score-ebe8b2c2ca1}
}

@misc{3,
  author = {Eduardo Navarro},
  title = {tarea12pruebas},
  journal = {Repositorio, GitHub},
  year = 2021,
  volume = -,
  number = -,
  pages = -,
  doi = -,
  url = {https://github.com/eduartilon/Simulacion/blob/main/tarea12/tarea12pruebas/tarea12pruebas.R}
}

@misc{4,
  author = {Elisa Schaeffer},
  title = {Neural Network},
  journal = {Repositorio, GitHub},
  year = 2021,
  volume = -,
  number = -,
  pages = -,
  doi = -,
  url = {https://github.com/satuelisa/Simulation/blob/master/NeuralNetwork/digits.R}
}