@misc{1,
  author = {Elisa Schaeffer},
  title = {Pareto Fronts},
  journal = {Repositorio, GitHub},
  year = 2021,
  volume = -,
  number = -,
  pages = -,
  doi = -,
  url = {https://github.com/satuelisa/Simulation/blob/master/ParetoFronts/front.R}
}

@misc{2,
  author = {Elisa Schaeffer},
  title = {Pareto Fronts},
  journal = {Repositorio, GitHub},
  year = 2021,
  volume = -,
  number = -,
  pages = -,
  doi = -,
  url = {https://github.com/satuelisa/Simulation/blob/master/ParetoFronts/violin.R}
}