@misc{1,
  author = {Elisa Schaeffer},
  title = {Urn model},
  journal = {Repositorio, GitHub},
  year = 2021,
  volume = -,
  number = -,
  pages = -,
  doi = -,
  url = {https://github.com/satuelisa/Simulation/blob/master/UrnModel/aggrFrag.R}
}

@misc{2,
  author = {PHOTOGRAMIO},
  title = {Crear GIF Animados},
  journal = {-},
  year = -,
  volume = -,
  number = -,
  pages = -,
  doi = -,
  url = {https://photogramio.com/es/gif-maker#ezgif}
}