@misc{1,
  author = {Elisa Schaeffer},
  title = {Voronoi Diagrams},
  journal = {-},
  year = 2021,
  volume = -,
  number = -,
  pages = -,
  doi = -,
  url = {https://github.com/satuelisa/Simulation/blob/master/VoronoiDiagrams/fracture.R}
}

@misc{2,
  author = {José Antonio: Estadística Aplicada},
  title = {Kruskall-Wallis en RStudio},
  journal = {-},
  year = 2020,
  volume = -,
  number = -,
  pages = -,
  doi = -,
  url = {https://www.youtube.com/watch?v=WEjudFpbCcE&t=996s&ab_channel=Jos%C3%A9Antonio%3AEstad%C3%ADsticaAplicada}
}