@misc{1,
  author = {Elisa Schaeffer},
  title = {Práctica 2: autómata celular},
  journal = {-},
  year = 2021,
  volume = -,
  number = -,
  pages = -,
  doi = -,
  url = {https://elisa.dyndns-web.com/teaching/comp/par/p2.html}
}

@misc{2,
  author = {Elisa Schaeffer},
  title = {CellularAutomata},
  journal = {Repositorio, GitHub},
  year = 2020,
  volume = -,
  number = -,
  pages = -,
  doi = -,
  url = {https://github.com/satuelisa/Simulation/blob/master/CellularAutomata/gameOfLife.R}
}


@misc{3,
  author = {Raúl Ortiz},
  title = {Operaciones por filas o columnas I},
  journal = {RPubs by RStudio},
  year = 2015,
  volume = -,
  number = -,
  pages = -,
  doi = -,
  url = {https://rpubs.com/Rortizdu/140148}
}

@misc{4,
  author = {ZACH},
  title = {How to Sum Specific Rows in R (With Examples)},
  journal = {R para profesionales de los datos: una introducción},
  year = 2021,
  volume = -,
  number = -,
  pages = -,
  doi = -,
  url = {https://www.statology.org/sum-specific-rows-in-r/l}
}

@misc{5,
  author = {R para muy principiantes},
  title = {OPERACIONES POR FILAS O COLUMNAS II. apply() - R Project},
  journal = -,
  year = 2015,
  volume = -,
  number = -,
  pages = -,
  doi = -,
  url = {https://www.youtube.com/watch?v=qFq8RLYjyfo&ab_channel=Rparamuyprincipiantes}
}

@misc{6,
  author = {David Kun},
  title = {Aggregate – A Powerful Tool for Data Frame in R},
  journal = {Datascience+},
  year = 2018,
  volume = -,
  number = -,
  pages = -,
  doi = -,
  url = {https://datascienceplus.com/aggregate-data-frame-r/}
}

@misc{7,
  author = {Becoming a Data Scientist},
  title = {How to Use the Aggregate Function in R},
  journal = {-},
  year = 2020,
  volume = -,
  number = -,
  pages = -,
  doi = -,
  url = {https://www.youtube.com/watch?v=RGgkBtacpMY&ab_channel=BecomingaDataScientist}
}