@misc{1,
  author = {Elisa Schaeffer},
  title = {Particles},
  journal = {Repositorio, GitHub},
  year = 2021,
  volume = -,
  number = -,
  pages = -,
  doi = -,
  url = {https://github.com/satuelisa/Simulation/blob/master/Particles/interaction.R}
}

@misc{2,
  author = {Claudia Hern√°ndez},
  title = {HW9},
  journal = {Repositorio, GitHub},
  year = 2021,
  volume = -,
  number = -,
  pages = -,
  doi = -,
  url = {https://github.com/claudiahr/Simulacion-AD2021/blob/main/HW9/pruebas/primerintento.R}
}

@misc{3,
  author = {PHOTOGRAMIO},
  title = {Crear GIF Animados},
  journal = {-},
  year = -,
  volume = -,
  number = -,
  pages = -,
  doi = -,
  url = {https://photogramio.com/es/gif-maker#ezgif}
}