@misc{1,
  author = {Elisa Schaeffer},
  title = {MonteCarlo},
  journal = {Repositorio, GitHub},
  year = 2021,
  volume = -,
  number = -,
  pages = -,
  doi = -,
  url = {https://github.com/satuelisa/Simulation/blob/master/MonteCarlo/nopar.R}
}

@misc{2,
  author = {José Antonio: Estadística Aplicada},
  title = {Kruskall-Wallis en RStudio},
  journal = {-},
  year = 2020,
  volume = -,
  number = -,
  pages = -,
  doi = -,
  url = {https://www.youtube.com/watch?v=WEjudFpbCcE&t=996s&ab_channel=Jos%C3%A9Antonio%3AEstad%C3%ADsticaAplicada}
}

@misc{3,
  author = {Elisa Schaeffer},
  title = {MonteCarlo},
  journal = {Repositorio, GitHub},
  year = 2021,
  volume = -,
  number = -,
  pages = -,
  doi = -,
  url = {https://github.com/satuelisa/Simulation/blob/master/MonteCarlo/pi.R}
}

@misc{4,
  author = {RDocumentation},
  title = {Wilcox.test: Wilcoxon Rank Sum and Signed Rank Tests},
  journal = {-},
  year = -,
  volume = -,
  number = -,
  pages = -,
  doi = -,
  url = {https://www.rdocumentation.org/packages/stats/versions/3.6.2/topics/wilcox.test}
}